<?xml version="1.0" encoding="UTF-8"?><record xmlns="http://www.loc.gov/MARC21/slim" xmlns:cinclude="http://apache.org/cocoon/include/1.0" xmlns:zs="http://www.loc.gov/zing/srw/">
  <leader>01708cz  a2200205n  4500</leader>
  <controlfield tag="001">n  91099012 </controlfield>
  <controlfield tag="003">DLC</controlfield>
  <controlfield tag="005">20090209094544.0</controlfield>
  <controlfield tag="008">910927n| acannaabn          |a ana      </controlfield>
  <datafield tag="010" ind1=" " ind2=" ">
    <subfield code="a">n  91099012 </subfield>
  </datafield>
  <datafield tag="035" ind1=" " ind2=" ">
    <subfield code="a">(OCoLC)oca03030438</subfield>
  </datafield>
  <datafield tag="040" ind1=" " ind2=" ">
    <subfield code="a">DLC</subfield>
    <subfield code="b">eng</subfield>
    <subfield code="c">DLC</subfield>
    <subfield code="d">DLC</subfield>
    <subfield code="d">OCoLC</subfield>
  </datafield>
  <datafield tag="110" ind1="2" ind2=" ">
    <subfield code="a">First Congregational Society at the Head of the Acushnet River (Acushnet, Mass.)</subfield>
  </datafield>
  <datafield tag="410" ind1="2" ind2=" ">
    <subfield code="a">First Congregational Society (Acushnet, Mass.)</subfield>
  </datafield>
  <datafield tag="410" ind1="2" ind2=" ">
    <subfield code="a">Church of Christ in Dartmouth (Acushnet, Mass.)</subfield>
  </datafield>
  <datafield tag="510" ind1="2" ind2=" ">
    <subfield code="a">First Congregational Society (New Bedford, Mass.)</subfield>
  </datafield>
  <datafield tag="670" ind1=" " ind2=" ">
    <subfield code="a">NUCMC data from Old Dartmouth Historical Society Whaling Museum Library for First Unitarian Church. Records, 1730-1977</subfield>
    <subfield code="b">(First Congregational Society at the head of the Acushnet River; Acushnet, Mass.; organized ca. 1708; later church built in New Bedford; in ca. 1795 group of more liberal members split off to form First Congregational Society, New Bedford; this later (1956) became First Unitarian Church; also appears: First Congregational Society)</subfield>
  </datafield>
  <datafield tag="670" ind1=" " ind2=" ">
    <subfield code="a">Boss, J.A. New Bedford, c1983:</subfield>
    <subfield code="b">p. 44, etc. (first Puritan or Congregational church built in Acushnet 1708; later church built in New Bedford; in 1796 more liberal members split off to form First Congregational Society (New Bedford) which later became First Unitarian Church)</subfield>
  </datafield>
  <datafield tag="670" ind1=" " ind2=" ">
    <subfield code="a">Potter, W.J. First Congregational Society, 1889:</subfield>
    <subfield code="b">p. 61, etc. (First Congregational Society at the Head of the Acushnet River)</subfield>
  </datafield>
  <datafield tag="670" ind1=" " ind2=" ">
    <subfield code="a">NUCMC data from Congl. Library for First Congregational Society (New Bedford, Mass.). Records, 1814</subfield>
    <subfield code="b">(gathered 1708 as Church of Christ in Dartmouth, at Acushnet or "the head of the river" Mass; in 1795 new meeting house built at New Bedford)</subfield>
  </datafield>
</record>